@article{ClearviewHeise,
  author  = {Daniel AJ Sokolov},
  title   = {Kanadische Behörden erklären Clearviews Gesichtserkennung für illegal},
  journal = {heise online},
  year    = {2020},
  url     = {https://www.heise.de/news/Kanadische-Behoerden-erklaeren-Clearviews-Gesichtserkennung-fuer-illegal-5048175.html},
  note    = {abgerufen 08.02.2021}
}

@article{NatureEthicalQuestions,
  author    = {Richard Van Noorden},
  title     = {The ethical questions that haunt facial-recognition research},
  journal   = {Nature},
  publisher = {Springer Nature},
  volume    = {news feature},
  number    = {587, 354-358},
  year      = {2020},
  url       = {https://doi.org/10.1038/d41586-020-03187-3},
  note      = {abgerufen 13.02.2021}
}

@article{NatureBias,
  author    = {Davide Castelvecchi},
  title     = {Is facial recognition too biased to be let loose?},
  journal   = {Nature},
  publisher = {Springer Nature},
  volume    = {news feature},
  number    = {587, 347-349},
  year      = {2020},
  url       = {https://doi.org/10.1038/d41586-020-03186-4},
  note      = {abgerufen 14.02.2021}
}

@article{NatureEmotions,
  author    = {Douglas Heaven},
  title     = {Why faces don’t always tell the truth about feelings},
  journal   = {Nature},
  publisher = {Springer Nature},
  volume    = {news feature},
  number    = {578, 502-504},
  year      = {2020},
  url       = {https://doi.org/10.1038/d41586-020-00507-5},
  note      = {abgerufen 15.02.2021}
}

@article{NatureHalt,
  author    = {Kate Crawford},
  title     = {Halt the use of facial-recognition technology until it is regulated},
  journal   = {Nature},
  publisher = {Springer Nature},
  volume    = {world view},
  number    = {572, 565},
  year      = {2019},
  url       = {https://doi.org/10.1038/d41586-019-02514-7},
  note      = {abgerufen 17.02.2021}
}

@online{WikiGesichtserkennung,
  title  = {Gesichtserkennung},
  author = {Wikipedia},
  url    = {https://de.wikipedia.org/wiki/Gesichtserkennung},
  note   = {abgerufen 14.02.2021}
}

@book{PermanentRecord,
  author    = {Edward Snowden},
  edition   = {1},
  title     = {Permanent Record},
  subtitle  = {},
  publisher = {Macmillan},
  year      = {2019},
  isbn      = {978-1-5290-3566-0}
}

@book{Adventures,
  author    = {Stanisław Marcin Ulam},
  edition   = {1},
  title     = {Adventures of a Mathematician},
  subtitle  = {},
  publisher = {University of California Press},
  year      = {1991},
  isbn      = {978-0-5200-7154-4}
}

@book{Apology,
  author    = {Godfrey Harold Hardy},
  edition   = {1},
  title     = {A Mathematician's Apology},
  subtitle  = {},
  publisher = {Cambridge University Press},
  year      = {1940},
  isbn      = {978-1-68422-185-1}
}

@book{HelloWorld,
  author    = {Hannah Fry},
  title     = {Hello World},
  subtitle  = {How to Be Human in the Age of the Machine},
  publisher = {Penguin Books Black Swan},
  year      = {2019},
  isbn      = {978-1-78416-306-8}
}

@article{GesichtserkennungSkript,
  author   = {Carsten Wächter and Stefan Römer},
  title    = {Gesichts-Erkennung I},
  subtitle = {Biometrische Systeme - Der Körper als Passwort},
  journal  = {Neuroinformatik},
  year     = {2001},
  url      = {http://www.informatik.uni-ulm.de/ni/Lehre/WS01/HS-Biometrische-Systeme/ausarbeitungen/Gesichtserkennung_1_block.pdf},
  note     = {abgerufen 15.02.2021}
}

@article{SnowdenInterview,
  author  = {Alan Rusbridger and Ewen MacAskill},
  title   = {Edward Snowden interview - the edited transcript},
  journal = {The Guardian},
  year    = {2014},
  url     = {https://www.theguardian.com/world/2014/jul/18/-sp-edward-snowden-nsa-whistleblower-interview-transcript},
  note    = {abgerufen 17.02.2021}
}

@article{Nobel,
  author  = {Alexandr Solzhenitsyn },
  title   = {Nobel Lecture},
  journal = {The Nobel Prize},
  year    = {1970},
  url     = {https://www.nobelprize.org/prizes/literature/1970/solzhenitsyn/lecture/},
  note    = {abgerufen 22.02.2021}
}

@article{WeltUiguren,
  author  = {Yang Jianli},
  title   = {Der Preis der Freiheit},
  journal = {Welt},
  year    = {2020},
  url     = {https://www.welt.de/debatte/article207964683/Der-chinesische-Dissident-Yang-Jianli-ueber-den-Preis-der-Freiheit.html},
  note    = {abgerufen 22.02.2021}
}

@article{DetroitPolice,
  author  = {Steve Neavling},
  title   = {Detroit's facial recognition surveillance technology provokes backlash, proposed bans},
  journal = {Detroit Metro Times},
  year    = {2019},
  url     = {https://www.metrotimes.com/detroit/detroits-facial-recognition-technology-provokes-backlash-proposed-bans/Content?oid=22272625},
  note    = {abgerufen 02.03.2021}
}

@article{NewLimits,
  author  = {Jake Laperruque},
  title   = {Facial recognition surveillance faces new calls for legal limits},
  journal = {AXIOS},
  year    = {2019},
  url     = {https://www.axios.com/facial-recognition-surveillance-faces-new-calls-legal-limits-e99794ee-5fe1-45f8-bbc8-0ef0450d93d1.html},
  note    = {abgerufen 02.03.2021}
}

@article{ObamaUpsample,
  author  = {Kevin Truong},
  title   = {This Image of a White Barack Obama Is AI's Racial Bias Problem In a Nutshell},
  journal = {Motherboard},
  year    = {2020},
  url     = {https://www.vice.com/en/article/7kpxyy/this-image-of-a-white-barack-obama-is-ais-racial-bias-problem-in-a-nutshell},
  note    = {abgerufen 02.03.2021}
}

